%% This BibTeX bibliography file was created using BibDesk.
%% https://bibdesk.sourceforge.io/

%% Created for Elizabeth M Wolkovich at 2025-08-26 16:15:18 -0700 


%% Saved with string encoding Unicode (UTF-8) 



@article{Chavez2003,
	author = {Chavez, F. P. and Ryan, J. and Lluch-Cota, S. E. and Niquen, M.},
	date-added = {2025-08-26 16:15:16 -0700},
	date-modified = {2025-08-26 16:15:16 -0700},
	journal = {Science},
	number = {5604},
	pages = {217-221},
	title = {From anchovies to sardines and back: Multidecadal change in the Pacific Ocean},
	volume = {299},
	year = {2003}}

@article{dow2022warm,
	author = {Dow, Cameron and Kim, Albert Y and D'Orangeville, Lo{\"\i}c and Gonzalez-Akre, Erika B and Helcoski, Ryan and Herrmann, Valentine and Harley, Grant L and Maxwell, Justin T and McGregor, Ian R and McShea, William J and others},
	date-added = {2025-08-26 16:11:48 -0700},
	date-modified = {2025-08-26 16:11:48 -0700},
	journal = {Nature},
	number = {7923},
	pages = {552--557},
	title = {Warm springs alter timing but not total growth of temperate deciduous trees},
	volume = {608},
	year = {2022}}

@article{keenan2014net,
	author = {Keenan, Trevor F and Gray, Josh and Friedl, Mark A and Toomey, Michael and Bohrer, Gil and Hollinger, David Y and Munger, J William and O'Keefe, John and Schmid, Hans Peter and Wing, Ian Sue and others},
	date-added = {2025-08-26 16:11:42 -0700},
	date-modified = {2025-08-26 16:11:42 -0700},
	journal = {Nature Climate Change},
	number = {7},
	pages = {598--604},
	title = {Net carbon uptake has increased through warming-induced changes in temperate forest phenology},
	volume = {4},
	year = {2014}}

@article{Dakos2013,
	author = {Dakos, V. and Hastings, A.},
	date-added = {2025-08-26 16:07:55 -0700},
	date-modified = {2025-08-26 16:07:55 -0700},
	journal = {Theoretical Ecology},
	number = {3},
	pages = {253-254},
	title = {Editorial: special issue on regime shifts and tipping points in ecology},
	volume = {6},
	year = {2013}}

@book{ipcc2022,
	author = {P{\"o}rtner, H. O. and Roberts, D. C. and Tignor, M. and Poloczanska, E. S. and Mintenbeck, K. and Alegr{\'\i}a, A. and Craig, M. and Langsdorf, S. and L{\"o}schke, S. and M{\"o}ller, V. and Okem, A. and Rama, B.},
	date-added = {2025-08-26 16:06:46 -0700},
	date-modified = {2025-08-26 16:06:46 -0700},
	publisher = {Cambridge University Press},
	title = {Climate Change 2022: Impacts, Adaptation and Vulnerability. Contribution of Working Group II to the Sixth Assessment Report of the Intergovernmental Panel on Climate Change},
	year = {2022}}

@article{Menzel1999,
	author = {Menzel, A. and Fabian, P.},
	date-added = {2025-08-26 16:06:36 -0700},
	date-modified = {2025-08-26 16:06:36 -0700},
	journal = {Nature},
	number = {6721},
	pages = {659-659},
	title = {{Growing season extended in Europe}},
	volume = {397},
	year = {1999}}

@article{Root:2003kl,
	author = {Root, T. L. and Price, J. T. and Hall, K. R. and Schneider, S. H. and Rosenzweig, C. and Pounds, J. A.},
	date-added = {2025-08-26 16:06:24 -0700},
	date-modified = {2025-08-26 16:06:24 -0700},
	journal = {Nature},
	number = {6918},
	pages = {57-60},
	title = {Fingerprints of global warming on wild animals and plants},
	volume = {421},
	year = {2003}}

@article{park2022seasonal,
	author = {Park, John S and Post, Eric},
	journal = {PLoS biology},
	number = {12},
	pages = {e3001952},
	publisher = {Public Library of Science San Francisco, CA USA},
	title = {Seasonal timing on a cyclical Earth: Towards a theoretical framework for the evolution of phenology},
	volume = {20},
	year = {2022}}

@article{stemkovski2023disorder,
	author = {Stemkovski, Michael and Bell, James R and Ellwood, Elizabeth R and Inouye, Brian D and Kobori, Hiromi and Lee, Sang Don and Lloyd-Evans, Trevor and Primack, Richard B and Templ, Barbara and Pearse, William D},
	journal = {Ecology},
	number = {1},
	pages = {e3846},
	publisher = {Wiley Online Library},
	title = {Disorder or a new order: how climate change affects phenological variability},
	volume = {104},
	year = {2023}}

@article{drake2005population,
	author = {Drake, John M},
	journal = {Proceedings of the Royal Society B: Biological Sciences},
	number = {1574},
	pages = {1823--1827},
	publisher = {The Royal Society London},
	title = {Population effects of increased climate variation},
	volume = {272},
	year = {2005}}

@article{lawson2015environmental,
	author = {Lawson, Callum R and Vindenes, Yngvild and Bailey, Liam and van de Pol, Martijn},
	journal = {Ecology letters},
	number = {7},
	pages = {724--736},
	publisher = {Wiley Online Library},
	title = {Environmental variation and population responses to global change},
	volume = {18},
	year = {2015}}

@article{vasseur2014increased,
	author = {Vasseur, David A and DeLong, John P and Gilbert, Benjamin and Greig, Hamish S and Harley, Christopher DG and McCann, Kevin S and Savage, Van and Tunney, Tyler D and O'Connor, Mary I},
	journal = {Proceedings of the royal society B: biological sciences},
	number = {1779},
	pages = {20132612},
	publisher = {The Royal Society},
	title = {Increased temperature variation poses a greater risk to species than climate warming},
	volume = {281},
	year = {2014}}

@article{lamichhane2021rising,
	author = {Lamichhane, Jay Ram},
	journal = {Nature Climate Change},
	number = {7},
	pages = {554--555},
	publisher = {Nature Publishing Group UK London},
	title = {Rising risks of late-spring frosts in a changing climate},
	volume = {11},
	year = {2021}}

@article{zohner2020late,
	author = {Zohner, Constantin M and Mo, Lidong and Renner, Susanne S and Svenning, Jens-Christian and Vitasse, Yann and Benito, Blas M and Ordonez, Alejandro and Baumgarten, Frederik and Bastin, Jean-Fran{\c{c}}ois and Sebald, Veronica and others},
	journal = {Proceedings of the National Academy of Sciences},
	number = {22},
	pages = {12192--12200},
	publisher = {National Academy of Sciences},
	title = {Late-spring frost risk between 1959 and 2017 decreased in North America but increased in Europe and Asia},
	volume = {117},
	year = {2020}}

@article{chamberlain2021climate,
	author = {Chamberlain, Catherine J and Cook, Benjamin I and Morales-Castilla, Ignacio and Wolkovich, Elizabeth M},
	journal = {New Phytologist},
	number = {1},
	pages = {323--334},
	publisher = {Wiley Online Library},
	title = {Climate change reshapes the drivers of false spring risk across European trees},
	volume = {229},
	year = {2021}}

@article{gusewell2017changes,
	author = {G{\"u}sewell, Sabine and Furrer, Reinhard and Gehrig, Regula and Pietragalla, Barbara},
	journal = {Global Change Biology},
	number = {12},
	pages = {5189--5202},
	publisher = {Wiley Online Library},
	title = {Changes in temperature sensitivity of spring phenology with recent climate warming in Switzerland are related to shifts of the preseason},
	volume = {23},
	year = {2017}}

@article{fu2015declining,
	author = {Fu, Yongshuo H and Zhao, Hongfang and Piao, Shilong and Peaucelle, Marc and Peng, Shushi and Zhou, Guiyun and Ciais, Philippe and Huang, Mengtian and Menzel, Annette and Pe{\~n}uelas, Josep and others},
	journal = {Nature},
	number = {7571},
	pages = {104--107},
	publisher = {Nature Publishing Group UK London},
	title = {Declining global warming effects on the phenology of spring leaf unfolding},
	volume = {526},
	year = {2015}}

@article{wolkovich2021simple,
	author = {Wolkovich, EM and Auerbach, J and Chamberlain, CJ and Buonaiuto, DM and Ettinger, AK and Morales-Castilla, I and Gelman, A},
	journal = {Global Change Biology},
	number = {20},
	pages = {4947--4949},
	publisher = {Wiley Online Library},
	title = {A simple explanation for declining temperature sensitivity with warming},
	volume = {27},
	year = {2021}}

@article{piao2019plant,
	author = {Piao, Shilong and Liu, Qiang and Chen, Anping and Janssens, Ivan A and Fu, Yongshuo and Dai, Junhu and Liu, Lingli and Lian, XU and Shen, Miaogen and Zhu, Xiaolin},
	journal = {Global change biology},
	number = {6},
	pages = {1922--1940},
	publisher = {Wiley Online Library},
	title = {Plant phenology and global climate change: Current progresses and challenges},
	volume = {25},
	year = {2019}}

@article{martel2018role,
	author = {Martel, Jean-Luc and Mailhot, Alain and Brissette, Fran{\c{c}}ois and Caya, Daniel},
	journal = {Journal of Climate},
	number = {11},
	pages = {4241--4263},
	title = {Role of natural climate variability in the detection of anthropogenic climate change signal for mean and extreme precipitation at local and regional scales},
	volume = {31},
	year = {2018}}

@article{vitasse2022great,
	author = {Vitasse, Yann and Baumgarten, Frederik and Zohner, CM and Rutishauser, T and Pietragalla, B and Gehrig, R and Dai, J and Wang, H and Aono, Y and Sparks, TH},
	journal = {Nature Climate Change},
	number = {4},
	pages = {300--302},
	publisher = {Nature Publishing Group UK London},
	title = {The great acceleration of plant phenological shifts},
	volume = {12},
	year = {2022}}

@article{richardson2023earth,
	author = {Richardson, Katherine and Steffen, Will and Lucht, Wolfgang and Bendtsen, J{\o}rgen and Cornell, Sarah E and Donges, Jonathan F and Dr{\"u}ke, Markus and Fetzer, Ingo and Bala, Govindasamy and Von Bloh, Werner and others},
	journal = {Science advances},
	number = {37},
	pages = {eadh2458},
	publisher = {American Association for the Advancement of Science},
	title = {Earth beyond six of nine planetary boundaries},
	volume = {9},
	year = {2023}}
